
@article{wuhanlo2021,
	title = {Wuhan lockdown: A year of China's fight against the Covid pandemic},
	year = {2021},
	month = {01},
	date = {2021-01-22},
	journal = {BBC News},
	url = {https://www.bbc.com/news/world-asia-china-55628488},
	langid = {australian}
}

@article{mao2022,
	title = {China abandons key parts of zero-Covid strategy after protests},
	author = {Mao, },
	year = {2022},
	month = {12},
	date = {2022-12-07},
	journal = {BBC News},
	url = {https://www.bbc.com/news/world-asia-china-63855508},
	langid = {australian}
}

@article{blair2012,
	title = {Statistical Analysis of List Experiments},
	author = {Blair, Graeme and Imai, Kosuke},
	year = {2012},
	month = {01},
	date = {2012-01},
	journal = {Political Analysis},
	pages = {47--77},
	volume = {20},
	number = {1},
	doi = {10.1093/pan/mpr048},
	url = {https://www.cambridge.org/core/journals/political-analysis/article/statistical-analysis-of-list-experiments/6AEE6C9D3AB6DA410D602CB035D5959A},
	note = {Publisher: Cambridge University Press},
	langid = {en}
}

@article{redlawsk2010,
	title = {Voters, Emotions, and Race in 2008: Obama as the First Black President},
	author = {Redlawsk, David P. and Tolbert, Caroline J. and Franko, William},
	year = {2010},
	month = {12},
	date = {2010-12-01},
	journal = {Political Research Quarterly},
	pages = {875--889},
	volume = {63},
	number = {4},
	doi = {10.1177/1065912910373554},
	url = {https://doi.org/10.1177/1065912910373554},
	note = {Publisher: SAGE Publications Inc},
	langid = {en}
}

@article{moseson2017,
	title = {The List Experiment for Measuring Abortion: What We Know and What We Need},
	author = {Moseson, Heidi and Treleaven, Emily and Gerdts, Caitlin and Diamond-Smith, Nadia},
	year = {2017},
	date = {2017},
	journal = {Studies in Family Planning},
	pages = {397--405},
	volume = {48},
	number = {4},
	doi = {10.1111/sifp.12042},
	url = {https://onlinelibrary.wiley.com/doi/abs/10.1111/sifp.12042},
	note = {{\_}eprint: https://onlinelibrary.wiley.com/doi/pdf/10.1111/sifp.12042},
	langid = {en}
}

@article{traunm端ller2019,
	title = {The Silent Victims of Sexual Violence during War: Evidence from a List Experiment in Sri Lanka},
	author = {{Traunm端ller}, Richard and Kijewski, Sara and Freitag, Markus},
	year = {2019},
	month = {10},
	date = {2019-10-01},
	journal = {Journal of Conflict Resolution},
	pages = {2015--2042},
	volume = {63},
	number = {9},
	doi = {10.1177/0022002719828053},
	url = {https://doi.org/10.1177/0022002719828053},
	note = {Publisher: SAGE Publications Inc},
	langid = {en}
}

@article{mcmorrow2022,
	title = {{\textquoteleft}Digital handcuffs{\textquoteright}: China{\textquoteright}s Covid health apps govern life but are ripe for abuse},
	author = {McMorrow, Ryan and Leng, Cheng},
	year = {2022},
	month = {06},
	date = {2022-06-28},
	journal = {Financial Times},
	url = {https://www.ft.com/content/dee6bcc6-3fc5-4edc-814d-46dc73e67c7e}
}

@article{li2016,
	title = {Reassessing Trust in the Central Government: Evidence from Five National Surveys},
	author = {Li, Lianjiang},
	year = {2016},
	month = {03},
	date = {2016-03},
	journal = {The China Quarterly},
	pages = {100--121},
	volume = {225},
	doi = {10.1017/S0305741015001629},
	url = {https://www.cambridge.org/core/journals/china-quarterly/article/reassessing-trust-in-the-central-government-evidence-from-five-national-surveys/7C53837B4BB3AE327B338CD2A2BEBFEF},
	note = {Publisher: Cambridge University Press},
	langid = {en}
}

@article{chen2017,
	title = {Local Distrust and Regime Support: Sources and Effects of Political Trust in China},
	author = {Chen, Dan},
	year = {2017},
	month = {06},
	date = {2017-06-01},
	journal = {Political Research Quarterly},
	pages = {314--326},
	volume = {70},
	number = {2},
	doi = {10.1177/1065912917691360},
	url = {https://doi.org/10.1177/1065912917691360},
	note = {Publisher: SAGE Publications Inc},
	langid = {en}
}

@article{chen2020,
	title = {Bread and Circuses: Sports and Public Opinion in China},
	author = {Chen, Dan and MacDonald, Andrew W.},
	year = {2020},
	date = {2020},
	journal = {Journal of Experimental Political Science},
	pages = {41--55},
	volume = {7},
	number = {1},
	doi = {10.1017/XPS.2019.15},
	url = {https://www.cambridge.org/core/journals/journal-of-experimental-political-science/article/abs/bread-and-circuses-sports-and-public-opinion-in-china/5B021823BEBBE38ADC17ED4108976E33},
	note = {Publisher: Cambridge University Press},
	langid = {en}
}

@article{kostka2023,
	title = {Digital doubters in different political and cultural contexts: Comparing citizen attitudes across three major digital technologies},
	author = {Kostka, Genia},
	year = {2023},
	month = {01},
	date = {2023-01},
	journal = {Data & Policy},
	pages = {e27},
	volume = {5},
	doi = {10.1017/dap.2023.25},
	url = {https://www.cambridge.org/core/journals/data-and-policy/article/digital-doubters-in-different-political-and-cultural-contexts-comparing-citizen-attitudes-across-three-major-digital-technologies/EF171C5121F6E1175554D32D23CD297E},
	note = {Publisher: Cambridge University Press},
	langid = {en}
}

@article{steinhardt2022,
	title = {Dreading big brother or dreading big profit? Privacy concerns toward the state and companies in China},
	author = {Steinhardt, H. Christoph and Holzschuh, Lukas and MacDonald, Andrew W.},
	year = {2022},
	month = {12},
	date = {2022-12-13},
	journal = {First Monday},
	doi = {10.5210/fm.v27i12.12679},
	url = {https://firstmonday.org/ojs/index.php/fm/article/view/12679},
	langid = {en}
}

@article{pfaff2001,
	title = {The Limits of Coercive Surveillance: Social and Penal Control in the German Democratic Republic},
	author = {PFAFF, STEVEN},
	year = {2001},
	month = {07},
	date = {2001-07-01},
	journal = {Punishment & Society},
	pages = {381--407},
	volume = {3},
	number = {3},
	doi = {10.1177/1462474501003003003},
	url = {https://doi.org/10.1177/1462474501003003003},
	note = {Publisher: SAGE Publications},
	langid = {en}
}

@book{gainous2023,
	title = {Directed Digital Dissidence in Autocracies: How China Wins Online},
	author = {Gainous, Jason and Han, Rongbin and MacDonald, Andrew W. and Wagner, Kevin M.},
	year = {2023},
	month = {10},
	date = {2023-10-11},
	publisher = {Oxford University Press},
	doi = {10.1093/oso/9780197680384.001.0001},
	url = {https://academic.oup.com/book/55291},
	note = {DOI: 10.1093/oso/9780197680384.001.0001},
	langid = {en}
}

@article{xu2021,
	title = {To Repress or to Co-opt? Authoritarian Control in the Age of Digital Surveillance},
	author = {Xu, Xu},
	year = {2021},
	date = {2021},
	journal = {American Journal of Political Science},
	pages = {309--325},
	volume = {65},
	number = {2},
	doi = {10.1111/ajps.12514},
	url = {https://onlinelibrary.wiley.com/doi/abs/10.1111/ajps.12514},
	note = {{\_}eprint: https://onlinelibrary.wiley.com/doi/pdf/10.1111/ajps.12514},
	langid = {en}
}

@article{king2013,
	title = {How Censorship in China Allows Government Criticism but Silences Collective Expression},
	author = {King, Gary and Pan, Jennifer and Roberts, Margaret E.},
	year = {2013},
	date = {2013},
	journal = {American Political Science Review},
	pages = {1--18},
	volume = {107}
}

@misc{baiduch,
	title = {Baidu chief under fire for privacy comments - People's Daily Online},
	url = {http://en.people.cn/n3/2018/0328/c90000-9442509.html}
}

@article{shen2018,
	title = {Chinese internet users criticize Baidu CEO for saying people in China are willing to give up data privacy for convenience},
	author = {Shen, Xinmen},
	year = {2018},
	month = {03},
	date = {2018-03-28},
	journal = {South China Morning Post},
	url = {https://www.scmp.com/abacus/tech/article/3028402/chinese-internet-users-criticize-baidu-ceo-saying-people-china-are},
	note = {Section: Abacus},
	langid = {en}
}

@article{zhang2002,
	title = {Characteristics of Internet Users and Their Privacy Concerns},
	author = {Zhang, {Yue {\textquotedblleft}Jeff{\textquotedblright}} and Chen, Jim Q. and Wen, Kuang-Wei},
	year = {2002},
	month = {03},
	date = {2002-03-01},
	journal = {Journal of Internet Commerce},
	pages = {1--16},
	volume = {1},
	number = {2},
	doi = {10.1300/J179v01n02_01},
	url = {https://doi.org/10.1300/J179v01n02_01},
	note = {Publisher: Routledge
{\_}eprint: https://doi.org/10.1300/J179v01n02{\_}01}
}

@article{wang2015,
	title = {Privacy trust crisis of personal data in China in the era of Big Data: The survey and countermeasures},
	author = {Wang, Zhong and Yu, Qian},
	year = {2015},
	month = {12},
	date = {2015-12-01},
	journal = {Computer Law & Security Review},
	pages = {782--792},
	volume = {31},
	number = {6},
	doi = {10.1016/j.clsr.2015.08.006},
	url = {https://www.sciencedirect.com/science/article/pii/S0267364915001296}
}

@article{kostka2019,
	title = {China{\textquoteright}s social credit systems and public opinion: Explaining high levels of approval},
	author = {Kostka, Genia},
	year = {2019},
	month = {07},
	date = {2019-07-01},
	journal = {New Media & Society},
	pages = {1565--1593},
	volume = {21},
	number = {7},
	doi = {10.1177/1461444819826402},
	url = {https://doi.org/10.1177/1461444819826402},
	note = {Publisher: SAGE Publications},
	langid = {en}
}

@article{reddick2015,
	title = {Public opinion on National Security Agency surveillance programs: A multi-method approach},
	author = {Reddick, Christopher G. and Chatfield, Akemi Takeoka and Jaramillo, Patricia A.},
	year = {2015},
	month = {04},
	date = {2015-04-01},
	journal = {Government Information Quarterly},
	pages = {129--141},
	volume = {32},
	number = {2},
	doi = {10.1016/j.giq.2015.01.003},
	url = {https://www.sciencedirect.com/science/article/pii/S0740624X15000246}
}

@article{tr端dinger2017,
	title = {Trusting and controlling? Political trust, information and acceptance of surveillance policies: The case of Germany},
	author = {{Tr端dinger}, Eva-Maria and Steckermeier, Leonie C.},
	year = {2017},
	month = {09},
	date = {2017-09-01},
	journal = {Government Information Quarterly},
	pages = {421--433},
	volume = {34},
	number = {3},
	doi = {10.1016/j.giq.2017.07.003},
	url = {https://www.sciencedirect.com/science/article/pii/S0740624X16303173}
}

@article{ioannou2021,
	title = {Privacy and surveillance attitudes during health crises: Acceptance of surveillance and privacy protection behaviours},
	author = {Ioannou, Athina and Tussyadiah, Iis},
	year = {2021},
	month = {11},
	date = {2021-11-01},
	journal = {Technology in Society},
	pages = {101774},
	volume = {67},
	doi = {10.1016/j.techsoc.2021.101774},
	url = {https://www.sciencedirect.com/science/article/pii/S0160791X21002499}
}

@article{kennedy2009,
	title = {Maintaining Popular Support for the Chinese Communist Party: The Influence of Education and the State-Controlled Media},
	author = {Kennedy, John James},
	year = {2009},
	month = {10},
	date = {2009-10-01},
	journal = {Political Studies},
	pages = {517--536},
	volume = {57},
	number = {3},
	doi = {10.1111/j.1467-9248.2008.00740.x},
	url = {https://doi.org/10.1111/j.1467-9248.2008.00740.x},
	note = {Publisher: SAGE Publications Ltd},
	langid = {en}
}

@article{zhong2014,
	title = {Do Chinese People Trust Their Local Government, and Why?},
	author = {Zhong, Yang},
	year = {2014},
	month = {05},
	date = {2014-05-01},
	journal = {Problems of Post-Communism},
	doi = {10.2753/PPC1075-8216610303},
	url = {https://www.tandfonline.com/doi/abs/10.2753/PPC1075-8216610303},
	note = {Publisher: Routledge},
	langid = {EN}
}

@article{dou2022,
	title = {It{\textquoteright}s not easy staying green: Keeping out of China{\textquoteright}s covid lockdown},
	author = {Dou, Eva},
	year = {2022},
	month = {05},
	date = {2022-05-24},
	journal = {Washington Post},
	url = {https://www.washingtonpost.com/world/2022/05/24/china-covid-lockdown-testing-green/},
	langid = {canadian}
}

@article{lin2022,
	title = {Shanghai{\textquoteright}s Covid Lockdown Leads to Logistics Disarray, With Quarantined Truckers, Piled-Up Containers},
	author = {Lin, Liza and Jie, Yang},
	year = {2022},
	month = {04},
	date = {2022-04-21},
	journal = {Wall Street Journal},
	url = {https://www.wsj.com/articles/shanghai-lockdown-leads-to-logistics-disarray-with-quarantined-truckers-piled-up-containers-11650537303},
	langid = {canadian}
}

@article{dou2022a,
	title = {Medical emergencies mount as Shanghai{\textquoteright}s lockdown tightens},
	author = {Dou, Eva and Qiang, Vic and Li, Lyric},
	year = {2022},
	month = {04},
	date = {2022-04-01},
	journal = {Washington Post},
	url = {https://www.washingtonpost.com/world/2022/04/01/china-shanghai-medical-emergencies-coronavirus-lockdown/},
	langid = {canadian}
}

@misc{huang,
	title = {Did China{\textquoteright}s Street Protests End Harsh COVID Policies?},
	author = {Huang, Kathy and Han, Mengyu},
	url = {https://www.cfr.org/blog/did-chinas-street-protests-end-harsh-covid-policies},
	langid = {en}
}

@misc{huang2022,
	title = {Did China{\textquoteright}s Street Protests End Harsh COVID Policies?},
	author = {Huang, Kathy and Han, Mengyu},
	year = {2022},
	month = {12},
	date = {2022-12-14},
	url = {https://www.cfr.org/blog/did-chinas-street-protests-end-harsh-covid-policies},
	langid = {en}
}

@article{vlahos2019,
	title = {George Orwell{\textquoteright}s Dystopian Nightmare in China},
	author = {Vlahos, Kelley Beaucar},
	year = {2019},
	month = {06},
	date = {2019-06-24},
	journal = {The American Conservative},
	url = {https://www.theamericanconservative.com/george-orwells-dystopian-nightmare-in-china-1984/},
	langid = {canadian}
}

@misc{intercepted2022,
	title = {Intercepted: Inside China{\textquoteright}s Growing Surveillance State},
	author = {Intercepted, },
	year = {2022},
	month = {10},
	date = {2022-10-05},
	url = {https://theintercept.com/2022/10/05/intercepted-china-surveillance/},
	langid = {canadian}
}

@article{ang2022,
	title = {The Problem With Zero},
	author = {Ang, Yuen Yuen},
	year = {2022},
	month = {12},
	date = {2022-12-02},
	journal = {Foreign Affairs},
	url = {https://www.foreignaffairs.com/china/problem-zero-xi-pandemic-policy-crisis},
	langid = {canadian}
}

@article{baiduch2018,
	title = {Baidu chief under fire for privacy comments},
	year = {2018},
	month = {03},
	date = {2018-03-28},
	journal = {People's Daily Online},
	url = {http://en.people.cn/n3/2018/0328/c90000-9442509.html}
}

@article{abramova2022,
	title = {One for all, all for one: Social considerations in user acceptance of contact tracing apps using longitudinal evidence from Germany and Switzerland},
	author = {Abramova, Olga and Wagner, Amina and Olt, Christian M. and Buxmann, Peter},
	year = {2022},
	month = {06},
	date = {2022-06-01},
	journal = {International Journal of Information Management},
	pages = {102473},
	volume = {64},
	doi = {10.1016/j.ijinfomgt.2022.102473},
	url = {https://www.sciencedirect.com/science/article/pii/S0268401222000044}
}

@article{garrett2021,
	title = {The acceptability and uptake of smartphone tracking for COVID-19 in Australia},
	author = {Garrett, Paul M. and White, Joshua P. and Lewandowsky, Stephan and Kashima, Yoshihisa and Perfors, Andrew and Little, Daniel R. and Geard, Nic and Mitchell, Lewis and Tomko, Martin and Dennis, Simon},
	year = {2021},
	month = {01},
	date = {2021-01-22},
	journal = {PLOS ONE},
	pages = {e0244827},
	volume = {16},
	number = {1},
	doi = {10.1371/journal.pone.0244827},
	url = {https://journals.plos.org/plosone/article?id=10.1371/journal.pone.0244827},
	note = {Publisher: Public Library of Science},
	langid = {en}
}

@article{ong,
	title = {Gauging the Acceptance of Contact Tracing Technology: An Empirical Study of Singapore Residents' Concerns and Trust in Information Sharing},
	author = {Ong, Ee-Ing and Loo, Wee Ling},
	doi = {10.2139/ssrn.3817972},
	langid = {en}
}

@article{wnuk2020,
	title = {The acceptance of Covid-19 tracking technologies: The role of perceived threat, lack of control, and ideological beliefs},
	author = {Wnuk, Anna and Oleksy, Tomasz and Maison, Dominika},
	year = {2020},
	month = {09},
	date = {2020-09-11},
	journal = {PLOS ONE},
	pages = {e0238973},
	volume = {15},
	number = {9},
	doi = {10.1371/journal.pone.0238973},
	url = {https://journals.plos.org/plosone/article?id=10.1371/journal.pone.0238973},
	note = {Publisher: Public Library of Science},
	langid = {en}
}

@article{sheehan2002,
	title = {Toward a Typology of Internet Users and Online Privacy Concerns},
	author = {Sheehan, Kim Bartel},
	year = {2002},
	month = {01},
	date = {2002-01-01},
	journal = {The Information Society},
	pages = {21--32},
	volume = {18},
	number = {1},
	doi = {10.1080/01972240252818207},
	url = {https://doi.org/10.1080/01972240252818207},
	note = {Publisher: Routledge
{\_}eprint: https://doi.org/10.1080/01972240252818207}
}

@article{anwar2017,
	title = {Gender difference and employees' cybersecurity behaviors},
	author = {Anwar, Mohd and He, Wu and Ash, Ivan and Yuan, Xiaohong and Li, Ling and Xu, Li},
	year = {2017},
	month = {04},
	date = {2017-04-01},
	journal = {Computers in Human Behavior},
	pages = {437--443},
	volume = {69},
	doi = {10.1016/j.chb.2016.12.040},
	url = {https://www.sciencedirect.com/science/article/pii/S0747563216308688}
}

@inbook{b端chi2021,
	title = {Digital inequalities in online privacy protection: effects of age, education and gender},
	author = {{B端chi}, Moritz and Festic, Noemi and Just, Natascha and Latzer, Michael},
	year = {2021},
	date = {2021},
	publisher = {Edward Elgar Publishing},
	pages = {296{\textendash}310}
}

@article{lee2019,
	title = {Information privacy concerns and demographic characteristics: Data from a Korean media panel survey},
	author = {Lee, Hwansoo and Wong, Siew Fan and Oh, Jungjoo and Chang, Younghoon},
	year = {2019},
	month = {04},
	date = {2019-04-01},
	journal = {Government Information Quarterly},
	pages = {294--303},
	volume = {36},
	number = {2},
	doi = {10.1016/j.giq.2019.01.002},
	url = {https://www.sciencedirect.com/science/article/pii/S0740624X18303265}
}

@inproceedings{malandrino2013,
	title = {2013 International Conference on Social Computing},
	author = {Malandrino, Delfina and Scarano, Vittorio and Spinelli, Raffaele},
	year = {2013},
	month = {09},
	date = {2013-09},
	pages = {57--62},
	doi = {10.1109/SocialCom.2013.15},
	url = {https://ieeexplore.ieee.org/abstract/document/6693312}
}

@inproceedings{dupree2016,
	title = {Privacy Personas: Clustering Users via Attitudes and Behaviors toward Security Practices},
	author = {Dupree, Janna Lynn and Devries, Richard and Berry, Daniel M. and Lank, Edward},
	year = {2016},
	month = {05},
	date = {2016-05-07},
	publisher = {Association for Computing Machinery},
	pages = {5228{\textendash}5239},
	series = {CHI '16},
	doi = {10.1145/2858036.2858214},
	url = {https://dl.acm.org/doi/10.1145/2858036.2858214},
	address = {New York, NY, USA}
}

@book{gerber2012,
	title = {Field experiments: Design, analysis, and interpretation},
	author = {Gerber, Alan S and Green, Donald P},
	year = {2012},
	date = {2012},
	publisher = {WW Norton},
	address = {New  York}
}

@article{pavone2012,
	title = {Public assessment of new surveillance-oriented security technologies: Beyond the trade-off between privacy and security},
	author = {Pavone, Vincenzo and Esposti, Sara Degli},
	year = {2012},
	month = {07},
	date = {2012-07-01},
	journal = {Public Understanding of Science},
	pages = {556--572},
	volume = {21},
	number = {5},
	doi = {10.1177/0963662510376886},
	url = {https://doi.org/10.1177/0963662510376886},
	note = {Publisher: SAGE Publications Ltd},
	langid = {en}
}

@article{habich-sobiegalla2023,
	title = {Sharing is caring: willingness to share personal data through contact tracing apps in China, Germany, and the US},
	author = {Habich-Sobiegalla, Sabrina and Kostka, Genia},
	year = {2023},
	month = {10},
	date = {2023-10-26},
	journal = {Information, Communication & Society},
	pages = {2797--2824},
	volume = {26},
	number = {14},
	doi = {10.1080/1369118X.2022.2113421},
	url = {https://doi.org/10.1080/1369118X.2022.2113421},
	note = {Publisher: Routledge
{\_}eprint: https://doi.org/10.1080/1369118X.2022.2113421}
}

@article{kostka2021,
	title = {Between security and convenience: Facial recognition technology in the eyes of citizens in China, Germany, the United Kingdom, and the United States},
	author = {Kostka, Genia and Steinacker, {L辿a} and Meckel, Miriam},
	year = {2021},
	month = {08},
	date = {2021-08-01},
	journal = {Public Understanding of Science},
	pages = {671--690},
	volume = {30},
	number = {6},
	doi = {10.1177/09636625211001555},
	url = {https://doi.org/10.1177/09636625211001555},
	note = {Publisher: SAGE Publications Ltd},
	langid = {en}
}

@article{kostka2024,
	title = {In times of crisis: Public perceptions toward COVID-19 contact tracing apps in China, Germany, and the United States},
	author = {Kostka, Genia and Habich-Sobiegalla, Sabrina},
	year = {2024},
	month = {04},
	date = {2024-04-01},
	journal = {New Media & Society},
	pages = {2256--2294},
	volume = {26},
	number = {4},
	doi = {10.1177/14614448221083285},
	url = {https://doi.org/10.1177/14614448221083285},
	note = {Publisher: SAGE Publications},
	langid = {en}
}

@article{liu2022,
	title = {Who supports expanding surveillance? Exploring public opinion of Chinese social credit systems},
	author = {Liu, Chuncheng},
	year = {2022},
	month = {05},
	date = {2022-05-01},
	journal = {International Sociology},
	pages = {391--412},
	volume = {37},
	number = {3},
	doi = {10.1177/02685809221084446},
	url = {https://doi.org/10.1177/02685809221084446},
	note = {Publisher: SAGE Publications Ltd},
	langid = {en}
}

@article{you2024,
	title = {Public Trust During a Public Health Crisis: Evaluating the Immediate Effects of the Pandemic on Institutional Trust},
	author = {You, Yu and Ma, Deyong and Chen, Chao},
	year = {2024},
	month = {03},
	date = {2024-03-01},
	journal = {Journal of Chinese Political Science},
	pages = {1--29},
	volume = {29},
	number = {1},
	doi = {10.1007/s11366-023-09874-y},
	url = {https://doi.org/10.1007/s11366-023-09874-y},
	langid = {en}
}

@article{glynn2013,
	title = {What Can We Learn with Statistical Truth Serum?Design and Analysis of the List Experiment},
	author = {Glynn, Adam N.},
	year = {2013},
	month = {01},
	date = {2013-01-01},
	journal = {Public Opinion Quarterly},
	pages = {159--172},
	volume = {77},
	number = {S1},
	doi = {10.1093/poq/nfs070},
	url = {https://academic.oup.com/poq/article/77/S1/159/1878470/What-Can-We-Learn-with-Statistical-Truth-Serum}
}

@article{blank,
	title = {A New Privacy Paradox: Young People and Privacy on Social Network Sites},
	author = {Blank, Grant and Bolsover, Gillian and Dubois, Elizabeth},
	doi = {10.2139/ssrn.2479938},
	langid = {en}
}

@article{davis2004,
	title = {Civil Liberties vs. Security: Public Opinion in the Context of the Terrorist Attacks on America},
	author = {Davis, Darren W. and Silver, Brian D.},
	year = {2004},
	date = {2004},
	journal = {American Journal of Political Science},
	pages = {28--46},
	volume = {48},
	number = {1},
	doi = {10.1111/j.0092-5853.2004.00054.x},
	url = {https://onlinelibrary.wiley.com/doi/abs/10.1111/j.0092-5853.2004.00054.x},
	note = {{\_}eprint: https://onlinelibrary.wiley.com/doi/pdf/10.1111/j.0092-5853.2004.00054.x},
	langid = {en}
}

@article{g坦mez-barroso2018,
	title = {Experiments on personal information disclosure: Past and future avenues},
	author = {{G坦mez-Barroso}, {Jos辿 Luis}},
	year = {2018},
	month = {08},
	date = {2018-08-01},
	journal = {Telematics and Informatics},
	pages = {1473--1490},
	volume = {35},
	number = {5},
	doi = {10.1016/j.tele.2018.03.017},
	url = {https://www.sciencedirect.com/science/article/pii/S0736585318302107}
}

@article{steinfeld2017,
	title = {Track me, track me not: Support and consent to state and private sector surveillance},
	author = {Steinfeld, Nili},
	year = {2017},
	month = {12},
	date = {2017-12-01},
	journal = {Telematics and Informatics},
	pages = {1663--1672},
	volume = {34},
	number = {8},
	doi = {10.1016/j.tele.2017.07.012},
	url = {https://www.sciencedirect.com/science/article/pii/S0736585317303349}
}

@article{nam2019,
	title = {What determines the acceptance of government surveillance? Examining the influence of information privacy correlates},
	author = {Nam, Taewoo},
	year = {2019},
	month = {12},
	date = {2019-12-01},
	journal = {The Social Science Journal},
	pages = {530--544},
	volume = {56},
	number = {4},
	doi = {10.1016/j.soscij.2018.10.001},
	url = {https://www.sciencedirect.com/science/article/pii/S0362331918301423}
}

@book{han2018,
	title = {Contesting Cyberspace in China: Online Expression and Authoritarian Resilience},
	author = {Han, Rongbin},
	year = {2018},
	month = {09},
	date = {2018-09-24},
	publisher = {Columbia University Press},
	doi = {10.7312/han-18474},
	url = {https://www.degruyter.com/document/doi/10.7312/han-18474/html},
	note = {DOI: 10.7312/han-18474},
	langid = {en}
}

@article{baskaran2024,
	title = {Understanding Coping Intentions of Fitness Tracker Users: An Empirical Investigation Using Fear Appeals},
	author = {Baskaran, Krutheeka and Mathew, Saji K.},
	year = {2024},
	month = {02},
	date = {2024-02-01},
	journal = {International Journal of Human{\textendash}Computer Interaction},
	pages = {795--807},
	volume = {40},
	number = {3},
	doi = {10.1080/10447318.2022.2124358},
	url = {https://doi.org/10.1080/10447318.2022.2124358},
	note = {Publisher: Taylor & Francis
{\_}eprint: https://doi.org/10.1080/10447318.2022.2124358}
}

@article{qiu2012,
	title = {Consumers{\textquoteright} trust in government and their attitudes towards genetically modified food: empirical evidence from China},
	author = {Qiu, Huanguang and Huang, Jikun and Pray, Carl and Rozelle, Scott},
	year = {2012},
	month = {02},
	date = {2012-02-01},
	journal = {Journal of Chinese Economic and Business Studies},
	pages = {67--87},
	volume = {10},
	number = {1},
	doi = {10.1080/14765284.2012.638471},
	url = {https://doi.org/10.1080/14765284.2012.638471},
	note = {Publisher: Routledge
{\_}eprint: https://doi.org/10.1080/14765284.2012.638471}
}

@article{zhou2018,
	title = {Inequality and Political Trust in China: The Social Volcano Thesis Re-examined},
	author = {Zhou, Yingnan Joseph and Jin, Shuai},
	year = {2018},
	month = {12},
	date = {2018-12},
	journal = {The China Quarterly},
	pages = {1033--1062},
	volume = {236},
	doi = {10.1017/S0305741018001297},
	url = {https://www.cambridge.org/core/journals/china-quarterly/article/inequality-and-political-trust-in-china-the-social-volcano-thesis-reexamined/27E249A41FF2A5A70EBB37F15AB6709C},
	langid = {en}
}

@article{carter2024,
	title = {Do Chinese Citizens Conceal Opposition to the CCP in Surveys? Evidence from Two Experiments},
	author = {Carter, Erin Baggott and Carter, Brett L. and Schick, Stephen},
	year = {2024},
	month = {01},
	date = {2024-01-10},
	journal = {The China Quarterly},
	pages = {1--10},
	doi = {10.1017/S0305741023001819},
	url = {https://www.cambridge.org/core/journals/china-quarterly/article/do-chinese-citizens-conceal-opposition-to-the-ccp-in-surveys-evidence-from-two-experiments/12A2440F948D016E8D845C492F7D0CFE},
	langid = {en}
}

@article{jiang2016,
	title = {Lying or Believing? Measuring Preference Falsification From a Political Purge in China},
	author = {Jiang, Junyan and Yang, Dali L.},
	year = {2016},
	month = {04},
	date = {2016-04-01},
	journal = {Comparative Political Studies},
	pages = {600--634},
	volume = {49},
	number = {5},
	doi = {10.1177/0010414015626450},
	url = {https://doi.org/10.1177/0010414015626450},
	note = {Publisher: SAGE Publications Inc},
	langid = {en}
}

@article{ratigan2020,
	title = {Re-evaluating Political Trust: The Impact of Survey Nonresponse in Rural China},
	author = {Ratigan, Kerry and Rabin, Leah},
	year = {2020},
	month = {09},
	date = {2020-09},
	journal = {The China Quarterly},
	pages = {823--838},
	volume = {243},
	doi = {10.1017/S0305741019001231},
	url = {https://www.cambridge.org/core/journals/china-quarterly/article/reevaluating-political-trust-the-impact-of-survey-nonresponse-in-rural-china/05403CA9F41979BD624055E03D9F6FA9},
	langid = {en}
}

@article{kokolakis2017,
	title = {Privacy attitudes and privacy behaviour: A review of current research on the privacy paradox phenomenon},
	author = {Kokolakis, Spyros},
	year = {2017},
	month = {01},
	date = {2017-01-01},
	journal = {Computers & Security},
	pages = {122--134},
	volume = {64},
	doi = {10.1016/j.cose.2015.07.002},
	url = {https://www.sciencedirect.com/science/article/pii/S0167404815001017}
}

@article{steinhardt2020,
	title = {Socio-Economic Modernization and the {\textquotedblleft}Crisis of Trust{\textquotedblright} in China: A Multi-level Analysis of General and Particular Trust},
	author = {Steinhardt, H. Christoph and Delhey, Jan},
	year = {2020},
	month = {12},
	date = {2020-12-01},
	journal = {Social Indicators Research},
	pages = {923--949},
	volume = {152},
	number = {3},
	doi = {10.1007/s11205-020-02466-w},
	url = {https://doi.org/10.1007/s11205-020-02466-w},
	langid = {en}
}

@article{harmel2019,
	title = {Age Versus Socialization in Understanding Attitudes Toward Economic Reforms in China},
	author = {Harmel, Robert and Yeh, Yao-Yuan and Liu, Xinsheng},
	year = {2019},
	date = {2019},
	journal = {Social Science Quarterly},
	pages = {1755--1767},
	volume = {100},
	number = {5},
	doi = {10.1111/ssqu.12681},
	url = {https://onlinelibrary.wiley.com/doi/abs/10.1111/ssqu.12681},
	note = {{\_}eprint: https://onlinelibrary.wiley.com/doi/pdf/10.1111/ssqu.12681},
	langid = {en}
}
