
@article{wuhanlo2021,
	title = {Wuhan lockdown: A year of China's fight against the Covid pandemic},
	year = {2021},
	month = {01},
	date = {2021-01-22},
	journal = {BBC News},
	url = {https://www.bbc.com/news/world-asia-china-55628488},
	langid = {australian}
}

@article{mao2022,
	title = {China abandons key parts of zero-Covid strategy after protests},
	author = {Mao, },
	year = {2022},
	month = {12},
	date = {2022-12-07},
	journal = {BBC News},
	url = {https://www.bbc.com/news/world-asia-china-63855508},
	langid = {australian}
}

@article{blair2012,
	title = {Statistical Analysis of List Experiments},
	author = {Blair, Graeme and Imai, Kosuke},
	year = {2012},
	month = {01},
	date = {2012-01},
	journal = {Political Analysis},
	pages = {47--77},
	volume = {20},
	number = {1},
	doi = {10.1093/pan/mpr048},
	url = {https://www.cambridge.org/core/journals/political-analysis/article/statistical-analysis-of-list-experiments/6AEE6C9D3AB6DA410D602CB035D5959A},
	note = {Publisher: Cambridge University Press},
	langid = {en}
}

@article{redlawsk2010,
	title = {Voters, Emotions, and Race in 2008: Obama as the First Black President},
	author = {Redlawsk, David P. and Tolbert, Caroline J. and Franko, William},
	year = {2010},
	month = {12},
	date = {2010-12-01},
	journal = {Political Research Quarterly},
	pages = {875--889},
	volume = {63},
	number = {4},
	doi = {10.1177/1065912910373554},
	url = {https://doi.org/10.1177/1065912910373554},
	note = {Publisher: SAGE Publications Inc},
	langid = {en}
}

@article{moseson2017,
	title = {The List Experiment for Measuring Abortion: What We Know and What We Need},
	author = {Moseson, Heidi and Treleaven, Emily and Gerdts, Caitlin and Diamond-Smith, Nadia},
	year = {2017},
	date = {2017},
	journal = {Studies in Family Planning},
	pages = {397--405},
	volume = {48},
	number = {4},
	doi = {10.1111/sifp.12042},
	url = {https://onlinelibrary.wiley.com/doi/abs/10.1111/sifp.12042},
	note = {{\_}eprint: https://onlinelibrary.wiley.com/doi/pdf/10.1111/sifp.12042},
	langid = {en}
}

@article{traunmüller2019,
	title = {The Silent Victims of Sexual Violence during War: Evidence from a List Experiment in Sri Lanka},
	author = {{Traunmüller}, Richard and Kijewski, Sara and Freitag, Markus},
	year = {2019},
	month = {10},
	date = {2019-10-01},
	journal = {Journal of Conflict Resolution},
	pages = {2015--2042},
	volume = {63},
	number = {9},
	doi = {10.1177/0022002719828053},
	url = {https://doi.org/10.1177/0022002719828053},
	note = {Publisher: SAGE Publications Inc},
	langid = {en}
}

@article{mcmorrow2022,
	title = {{\textquoteleft}Digital handcuffs{\textquoteright}: China{\textquoteright}s Covid health apps govern life but are ripe for abuse},
	author = {McMorrow, Ryan and Leng, Cheng},
	year = {2022},
	month = {06},
	date = {2022-06-28},
	journal = {Financial Times},
	url = {https://www.ft.com/content/dee6bcc6-3fc5-4edc-814d-46dc73e67c7e}
}

@article{li2016,
	title = {Reassessing Trust in the Central Government: Evidence from Five National Surveys},
	author = {Li, Lianjiang},
	year = {2016},
	month = {03},
	date = {2016-03},
	journal = {The China Quarterly},
	pages = {100--121},
	volume = {225},
	doi = {10.1017/S0305741015001629},
	url = {https://www.cambridge.org/core/journals/china-quarterly/article/reassessing-trust-in-the-central-government-evidence-from-five-national-surveys/7C53837B4BB3AE327B338CD2A2BEBFEF},
	note = {Publisher: Cambridge University Press},
	langid = {en}
}

@article{chen2017,
	title = {Local Distrust and Regime Support: Sources and Effects of Political Trust in China},
	author = {Chen, Dan},
	year = {2017},
	month = {06},
	date = {2017-06-01},
	journal = {Political Research Quarterly},
	pages = {314--326},
	volume = {70},
	number = {2},
	doi = {10.1177/1065912917691360},
	url = {https://doi.org/10.1177/1065912917691360},
	note = {Publisher: SAGE Publications Inc},
	langid = {en}
}

@article{chen2020,
	title = {Bread and Circuses: Sports and Public Opinion in China},
	author = {Chen, Dan and MacDonald, Andrew W.},
	year = {2020},
	date = {2020},
	journal = {Journal of Experimental Political Science},
	pages = {41--55},
	volume = {7},
	number = {1},
	doi = {10.1017/XPS.2019.15},
	url = {https://www.cambridge.org/core/journals/journal-of-experimental-political-science/article/abs/bread-and-circuses-sports-and-public-opinion-in-china/5B021823BEBBE38ADC17ED4108976E33},
	note = {Publisher: Cambridge University Press},
	langid = {en}
}
